%%%%%================= PICARD ===================%%%%
@article{knospe2006pid,
  title={PID control},
  author={Knospe, Carl},
  journal={IEEE Control Systems Magazine},
  volume={26},
  number={1},
  pages={30--31},
  year={2006},
  publisher={IEEE}
}

@book{goodwin2001control,
  title={Control system design},
  author={Goodwin, Graham Clifford and Graebe, Stefan F and Salgado, Mario E and others},
  volume={240},
  year={2001},
  publisher={Prentice Hall Upper Saddle River}
}

@software{Yuan_RS_AS2_2022,
author = {Yuan, Runze and Chen, Zhinan},
doi = {10.5281/zenodo.1234},
month = {12},
title = {{RS_AS2}},
url = {https://github.com/Vehshanaan/RS_AS2},
version = {1.0.0},
year = {2022}
}